@inproceedings{p1, 
author={T. Hayes and O. Palomar and O. Unsal and A. Cristal and M. Valero}, 
booktitle={2016 ACM/IEEE 43rd Annual International Symposium on Computer Architecture (ISCA)}, 
title={Future Vector Microprocessor Extensions for Data Aggregations}, 
year={2016}, 
volume={}, 
number={}, 
pages={418-430}, 
keywords={data aggregation;microprocessor chips;parallel processing;vectors;DLP;Dennard scaling;SIMD instruction sets;annual data generation;data aggregations;data-level parallelism;future vector microprocessor extensions;single instruction-multiple data;Data models;Instruction sets;Microprocessors;Parallel processing;Registers;Support vector machines;aggregation;dlp;simd;vector}, 
doi={10.1109/ISCA.2016.44}, 
ISSN={1063-6897}, 
month={June},}

@misc{p2,
  author =       "Intel Corporation",
  year =         "2018",
  title =        "Intel Intrinsics Guide",
  url =          "https://software.intel.com/sites/landingpage/IntrinsicsGuide/",
  lastaccessed = "March 16, 2018",
}

@Misc{p3,
  author  = {David Reinsel and John Gantz and John Rydning},
  title = {Data Age 2025: The Evolution of Data to Life-Critical},
  institution = {IDC},
  month = 	 {April},
  year = 	 {2017},
  url = 	 {https://www.seagate.com/www-content/our-story/trends/files/Seagate-WP-DataAge2025-March-2017.pdf}
}

@article{p4,
 author = {O'Neil, Patrick and Cheng, Edward and Gawlick, Dieter and O'Neil, Elizabeth},
 title = {The Log-structured Merge-tree (LSM-tree)},
 journal = {Acta Inf.},
 issue_date = {1996},
 volume = {33},
 number = {4},
 month = jun,
 year = {1996},
 issn = {0001-5903},
 pages = {351--385},
 numpages = {35},
 url = {http://dx.doi.org/10.1007/s002360050048},
 doi = {10.1007/s002360050048},
 acmid = {230826},
 publisher = {Springer-Verlag New York, Inc.},
 address = {Secaucus, NJ, USA},
}

@article{p5,
 author = {Chang, Fay and Dean, Jeffrey and Ghemawat, Sanjay and Hsieh, Wilson C. and Wallach, Deborah A. and Burrows, Mike and Chandra, Tushar and Fikes, Andrew and Gruber, Robert E.},
 title = {Bigtable: A Distributed Storage System for Structured Data},
 journal = {ACM Trans. Comput. Syst.},
 issue_date = {June 2008},
 volume = {26},
 number = {2},
 month = jun,
 year = {2008},
 issn = {0734-2071},
 pages = {4:1--4:26},
 articleno = {4},
 numpages = {26},
 url = {http://doi.acm.org/10.1145/1365815.1365816},
 doi = {10.1145/1365815.1365816},
 acmid = {1365816},
 publisher = {ACM},
 address = {New York, NY, USA},
 keywords = {Large-Scale Distributed Storage},
} 

@inproceedings{p6,
 author = {Ongaro, Diego and Rumble, Stephen M. and Stutsman, Ryan and Ousterhout, John and Rosenblum, Mendel},
 title = {Fast Crash Recovery in RAMCloud},
 booktitle = {Proceedings of the Twenty-Third ACM Symposium on Operating Systems Principles},
 series = {SOSP '11},
 year = {2011},
 isbn = {978-1-4503-0977-6},
 location = {Cascais, Portugal},
 pages = {29--41},
 numpages = {13},
 url = {http://doi.acm.org/10.1145/2043556.2043560},
 doi = {10.1145/2043556.2043560},
 acmid = {2043560},
 publisher = {ACM},
 address = {New York, NY, USA},
 keywords = {crash recovery, main memory databases, scalability, storage systems},
}

@inproceedings{p7,
  title={Optimizing Space Amplification in RocksDB},
  author={Siying Dong and Mark Callaghan and Leonidas Galanis and Dhruba Borthakur and Tony Savor and Michael Strum},
  booktitle={CIDR},
  year={2017}
}

@article{p8,
 author = {Lakshman, Avinash and Malik, Prashant},
 title = {Cassandra: A Decentralized Structured Storage System},
 journal = {SIGOPS Oper. Syst. Rev.},
 issue_date = {April 2010},
 volume = {44},
 number = {2},
 month = apr,
 year = {2010},
 issn = {0163-5980},
 pages = {35--40},
 numpages = {6},
 url = {http://doi.acm.org/10.1145/1773912.1773922},
 doi = {10.1145/1773912.1773922},
 acmid = {1773922},
 publisher = {ACM},
 address = {New York, NY, USA},
}

@inproceedings{p9,
 author = {Rumble, Stephen M. and Kejriwal, Ankita and Ousterhout, John},
 title = {Log-structured Memory for DRAM-based Storage},
 booktitle = {Proceedings of the 12th USENIX Conference on File and Storage Technologies},
 series = {FAST'14},
 year = {2014},
 isbn = {978-1-931971-08-9},
 location = {Santa Clara, CA},
 pages = {1--16},
 numpages = {16},
 url = {http://dl.acm.org/citation.cfm?id=2591305.2591307},
 acmid = {2591307},
 publisher = {USENIX Association},
 address = {Berkeley, CA, USA},
} 