
%
%  $Description: Sample bibliography$ 
% 
%  $Author: ienne $ 
%  $Date: 1995/09/15 15:19:53 $
%  $Revision: 1.3 $
%

@inproceedings{c0,
 author = {Weil, Sage A. and Brandt, Scott A. and Miller, Ethan L. and Long, Darrell D. E. and Maltzahn, Carlos},
 title = {Ceph: A Scalable, High-performance Distributed File System},
 booktitle = {Proceedings of the 7th Symposium on Operating Systems Design and Implementation},
 series = {OSDI '06},
 year = {2006},
 isbn = {1-931971-47-1},
 location = {Seattle, Washington},
 pages = {307--320},
 numpages = {14},
 url = {http://dl.acm.org/citation.cfm?id=1298455.1298485},
 acmid = {1298485},
 publisher = {USENIX Association},
 address = {Berkeley, CA, USA},
}

@inproceedings{c1,
 author = {Bent, John and Gibson, Garth and Grider, Gary and McClelland, Ben and Nowoczynski, Paul and Nunez, James and Polte, Milo and Wingate, Meghan},
 title = {PLFS: A Checkpoint Filesystem for Parallel Applications},
 booktitle = {Proceedings of the Conference on High Performance Computing Networking, Storage and Analysis},
 series = {SC '09},
 year = {2009},
 isbn = {978-1-60558-744-8},
 location = {Portland, Oregon},
 pages = {21:1--21:12},
 articleno = {21},
 numpages = {12},
 url = {http://doi.acm.org/10.1145/1654059.1654081},
 doi = {10.1145/1654059.1654081},
 acmid = {1654081},
 publisher = {ACM},
 address = {New York, NY, USA},
 keywords = {check-pointing, high performance computing, parallel computing, parallel file systems and IO},
} 

@Inbook{c2,
author = {Hakimzadeh, Kamal and Peiro Sajjad, Hooman and Dowling, Jim},
editor = {Magoutis, Kostas and Pietzuch, Peter},
title = {Scaling HDFS with a Strongly Consistent Relational Model for Metadata},
bookTitle = {Distributed Applications and Interoperable Systems: 14th IFIP WG 6.1 International Conference, DAIS 2014, Held as Part of the 9th International Federated Conference on Distributed Computing Techniques, DisCoTec 2014, Berlin, Germany, June 3-5, 2014, Proceedings},
year = {2014},
publisher = {Springer Berlin Heidelberg},
address = {Berlin, Heidelberg},
pages={38--51},
isbn={978-3-662-43352-2},
doi={10.1007/978-3-662-43352-2_4},
url={http://dx.doi.org/10.1007/978-3-662-43352-2_4}
}

@Article{c3,
author = {Dev, Dipayan and Patgiri, Ripon},
title = {Dr. Hadoop: an infinite scalable metadata management for Hadoop---How the baby elephant becomes immortal},
journal = {Frontiers of Information Technology {\&} Electronic Engineering},
year = {2016},
volume = {17},
number = {1},
pages = {15--31},
issn = {2095-9230},
doi = {10.1631/FITEE.1500015},
url = {http://dx.doi.org/10.1631/FITEE.1500015}
}

@Article{c4,
author = {Kettering, Brett M. and Torrez, Alfred and Bonnie, David J. and Shrader, David L.},
title = {Lustre and PLFS Parallel I/O Performance on a Cray XE6},
year = {2014},
}

@inproceedings{c5,
 author = {Cranor, Chuck and Polte, Milo and Gibson, Garth},
 title = {Structuring PLFS for Extensibility},
 booktitle = {Proceedings of the 8th Parallel Data Storage Workshop},
 series = {PDSW '13},
 year = {2013},
 isbn = {978-1-4503-2505-9},
 location = {Denver, Colorado},
 pages = {20--26},
 numpages = {7},
 url = {http://doi.acm.org/10.1145/2538542.2538564},
 doi = {10.1145/2538542.2538564},
 acmid = {2538564},
 publisher = {ACM},
 address = {New York, NY, USA},
}

@inproceedings{c6,
 author = {He, Jun and Bent, John and Torres, Aaron and Grider, Gary and Gibson, Garth and Maltzahn, Carlos and Sun, Xian-He},
 title = {I/O Acceleration with Pattern Detection},
 booktitle = {Proceedings of the 22Nd International Symposium on High-performance Parallel and Distributed Computing},
 series = {HPDC '13},
 year = {2013},
 isbn = {978-1-4503-1910-2},
 location = {New York, New York, USA},
 pages = {25--36},
 numpages = {12},
 url = {http://doi.acm.org/10.1145/2462902.2462909},
 doi = {10.1145/2462902.2462909},
 acmid = {2462909},
 publisher = {ACM},
 address = {New York, NY, USA},
 keywords = {I/O, PLFs, high performance com- puting, large-scale storage systems, pattern, prefetching},
}

@inproceedings{c7,
 author = {Weil, Sage A. and Pollack, Kristal T. and Brandt, Scott A. and Miller, Ethan L.},
 title = {Dynamic Metadata Management for Petabyte-Scale File Systems},
 booktitle = {Proceedings of the 2004 ACM/IEEE Conference on Supercomputing},
 series = {SC '04},
 year = {2004},
 isbn = {0-7695-2153-3},
 pages = {4--},
 url = {https://doi.org/10.1109/SC.2004.22},
 doi = {10.1109/SC.2004.22},
 acmid = {1049948},
 publisher = {IEEE Computer Society},
 address = {Washington, DC, USA},
}

@inproceedings{c8,
 author = {Ganger, Gregory R. and Patt, Yale N.},
 title = {Metadata Update Performance in File Systems},
 booktitle = {Proceedings of the 1st USENIX Conference on Operating Systems Design and Implementation},
 series = {OSDI '94},
 year = {1994},
 location = {Monterey, California},
 articleno = {5},
 url = {http://dl.acm.org/citation.cfm?id=1267638.1267643},
 acmid = {1267643},
 publisher = {USENIX Association},
 address = {Berkeley, CA, USA},
}

@inproceedings{c9,
 author = {Roselli, Drew and Lorch, Jacob R. and Anderson, Thomas E.},
 title = {A Comparison of File System Workloads},
 booktitle = {Proceedings of the Annual Conference on USENIX Annual Technical Conference},
 series = {ATEC '00},
 year = {2000},
 location = {San Diego, California},
 pages = {4--4},
 numpages = {1},
 url = {http://dl.acm.org/citation.cfm?id=1267724.1267728},
 acmid = {1267728},
 publisher = {USENIX Association},
 address = {Berkeley, CA, USA},
}

@inproceedings{c10,
 author = {Ghemawat, Sanjay and Gobioff, Howard and Leung, Shun-Tak},
 title = {The Google File System},
 booktitle = {Proceedings of the Nineteenth ACM Symposium on Operating Systems Principles},
 series = {SOSP '03},
 year = {2003},
 isbn = {1-58113-757-5},
 location = {Bolton Landing, NY, USA},
 pages = {29--43},
 numpages = {15},
 url = {http://doi.acm.org/10.1145/945445.945450},
 doi = {10.1145/945445.945450},
 acmid = {945450},
 publisher = {ACM},
 address = {New York, NY, USA},
 keywords = {clustered storage, data storage, fault tolerance, scalability},
}

@inproceedings{c11,
 author = {Shvachko, Konstantin and Kuang, Hairong and Radia, Sanjay and Chansler, Robert},
 title = {The Hadoop Distributed File System},
 booktitle = {Proceedings of the 2010 IEEE 26th Symposium on Mass Storage Systems and Technologies (MSST)},
 series = {MSST '10},
 year = {2010},
 isbn = {978-1-4244-7152-2},
 pages = {1--10},
 numpages = {10},
 url = {http://dx.doi.org/10.1109/MSST.2010.5496972},
 doi = {10.1109/MSST.2010.5496972},
 acmid = {1914427},
 publisher = {IEEE Computer Society},
 address = {Washington, DC, USA},
}

@inproceedings{c12,
 author = {Zaharia, Matei and Chowdhury, Mosharaf and Franklin, Michael J. and Shenker, Scott and Stoica, Ion},
 title = {Spark: Cluster Computing with Working Sets},
 booktitle = {Proceedings of the 2Nd USENIX Conference on Hot Topics in Cloud Computing},
 series = {HotCloud'10},
 year = {2010},
 location = {Boston, MA},
 pages = {10--10},
 numpages = {1},
 url = {http://dl.acm.org/citation.cfm?id=1863103.1863113},
 acmid = {1863113},
 publisher = {USENIX Association},
 address = {Berkeley, CA, USA},
}

@inproceedings{c13,
 author = {Roselli, Drew and Lorch, Jacob R. and Anderson, Thomas E.},
 title = {A Comparison of File System Workloads},
 booktitle = {Proceedings of the Annual Conference on USENIX Annual Technical Conference},
 series = {ATEC '00},
 year = {2000},
 location = {San Diego, California},
 pages = {4--4},
 numpages = {1},
 url = {http://dl.acm.org/citation.cfm?id=1267724.1267728},
 acmid = {1267728},
 publisher = {USENIX Association},
 address = {Berkeley, CA, USA},
}