@article{d1,
 ISSN = {00028282},
 URL = {http://www.jstor.org/stable/2006582},
 author = {Beth Allen},
 journal = {The American Economic Review},
 number = {2},
 pages = {268-273},
 publisher = {American Economic Association},
 title = {Information as an Economic Commodity},
 volume = {80},
 year = {1990}
}

@misc{d2,
    title = {Oracle Introduces StorageTek T10000D Tape Drive},
    year = {2013},
    howpublished = {\url{http://www.oracle.com/us/corporate/press/2008766}},
    note = {Accessed: 7-December-2017}
  }

@misc{d3,
    title = {Blu-ray Technology},
    year = {2016},
    howpublished = {\url{http://www.disc-group.com/technology/blu-ray-technology/}},
    note = {Accessed: 7-December-2017}
  }

@misc{d4,
    title = {Seagate Archive HDD},
    year = {2017},
    howpublished = {\url{https://www.seagate.com/www-content/product-content/hdd-fam/seagate-archive-hdd/en-us/docs/archive-hdd-dS1834-3-1411us.pdf}},
    note = {Accessed: 7-December-2017}
  }

@inproceedings{d5, 
  author={F. Masuoka and M. Momodomi and Y. Iwata and R. Shirota}, 
  booktitle={1987 International Electron Devices Meeting}, 
  title={New ultra high density EPROM and flash EEPROM with NAND structure cell}, 
  year={1987}, 
  volume={33}, 
  number={}, 
  pages={552-555}, 
  keywords={Dielectrics;EPROM;Electrodes;Electrons;Nonvolatile memory;Resistors;Silicon;Thickness control;Very large scale integration;Voltage}, 
  doi={10.1109/IEDM.1987.191485}, 
  ISSN={}, 
  month={},
  }

@misc{d6,
    title = {Samsung SSD 850 EVO},
    year = {2016},
    howpublished = {\url{http://www.samsung.com/semiconductor/minisite/ssd/downloads/document/Samsung_SSD_850_EVO_Data_Sheet_Rev_3_1.pdf}},
    note = {Accessed: 7-December-2017}
  }
  
@misc{d7,
    title = {Intel SSD 530 Series},
    year = {2013},
    howpublished = {\url{https://ark.intel.com/products/75336/Intel-SSD-530-Series-480GB-2_5in-SATA-6Gbs-20nm-MLC}},
    note = {Accessed: 7-December-2017}
  }

@misc{d8,
    title = {TLC NAND SSDs: The crippling problem storage makers don't advertise},
    year = {2015},
    howpublished = {\url{https://www.pcworld.com/article/2998497/storage/tlc-nand-ssds-the-crippling-problem-storage-makers-dont-advertise.html}},
    note = {Accessed: 7-December-2017}
  }

@inproceedings{d9,
 author = {Desnoyers, Peter},
 title = {What Systems Researchers Need to Know About NAND Flash},
 booktitle = {Proceedings of the 5th USENIX Conference on Hot Topics in Storage and File Systems},
 series = {HotStorage'13},
 year = {2013},
 location = {San Jose, CA},
 url = {http://dl.acm.org/citation.cfm?id=2534861.2534867},
 acmid = {2534867},
 publisher = {USENIX Association},
 address = {Berkeley, CA, USA},
}

@inbook{d10,
  booktitle={Inside NAND Flash Memories},
  title={NAND overview: from memory to systems},
  author={R. Micheloni and A. Marelli and S. Commodaro},
  chapter = {2},
  year={2010},
  pages={19-53},
  publisher={Springer}
  }
  
@inproceedings{d11,
 author = {Grupp, Laura M. and Davis, John D. and Swanson, Steven},
 title = {The Bleak Future of NAND Flash Memory},
 booktitle = {Proceedings of the 10th USENIX Conference on File and Storage Technologies},
 series = {FAST'12},
 year = {2012},
 location = {San Jose, CA},
 url = {http://dl.acm.org/citation.cfm?id=2208461.2208463},
 acmid = {2208463},
 publisher = {USENIX Association},
 address = {Berkeley, CA, USA},
}

@misc{d12,
    title = {Toshiba's new quadruple-level 3D cells could be the next big thing in low-cost flash memory},
    year = {2017},
    howpublished = {\url{https://www.theverge.com/2017/6/28/15887902/toshiba-quadruple-level-3d-nand-cells-flash-memory}},
    note = {Accessed: 7-December-2017}
  }
  
@article{d13, 
author={G. W. Burr and B. N. Kurdi and J. C. Scott and C. H. Lam and K. Gopalakrishnan and R. S. Shenoy}, 
journal={IBM Journal of Research and Development}, 
title={Overview of candidate device technologies for storage-class memory}, 
year={2008}, 
volume={52}, 
number={4.5}, 
pages={449-464}, 
doi={10.1147/rd.524.0449}, 
ISSN={0018-8646}, 
month={July},
}

@misc{d14,
    title = {Intel Optane SSD DC P4800X Series},
    year = {2017},
    howpublished = {\url{https://www.intel.com/content/www/us/en/products/memory-storage/solid-state-drives/data-center-ssds/optane-dc-p4800x-series/p4800x-750gb-2-5-inch.html}},
    note = {Accessed: 7-December-2017}
  }
  
@article{d15,
 author = {Wu, Ming-Ju and Tsai, Chun-Jen},
 title = {A Storage Device Emulator for System Performance Evaluation},
 journal = {ACM Trans. Embed. Comput. Syst.},
 issue_date = {December 2015},
 volume = {14},
 number = {4},
 month = oct,
 year = {2015},
 issn = {1539-9087},
 pages = {82:1--82:27},
 articleno = {82},
 numpages = {27},
 url = {http://doi.acm.org/10.1145/2785969},
 doi = {10.1145/2785969},
 acmid = {2785969},
 publisher = {ACM},
 address = {New York, NY, USA},
 keywords = {Storage emulation, storage evaluation},
}

@inproceedings{d16, 
author={B. Louis and K. Mitra and S. Saguna and C. Ã…hlund}, 
booktitle={2015 IEEE/ACM 8th International Conference on Utility and Cloud Computing (UCC)}, 
title={CloudSimDisk: Energy-Aware Storage Simulation in CloudSim}, 
year={2015}, 
pages={11-15}, 
keywords={cloud computing;computer centres;power aware computing;storage management;CloudSimDisk;cloud computing;data center;energy-aware storage simulation;energy-aware storage system;hard disk drive;model energy consumption;simulation tool lack mechanism;source code;Analytical models;Cloud computing;Clouds;Computational modeling;Data models;Energy storage;Hard disks;Cloud Computing;CloudSim;Energy Efficiency;Modeling;Simulation;Storage}, 
doi={10.1109/UCC.2015.15}, 
month={Dec}
}


@misc{d17,
    title = {Biwin 64GB SLC 2.5-Inch 9mm SATA industrial SSD},
    year = {2017},
    howpublished = {\url{https://www.neweggbusiness.com/product/product.aspx?item=9b-0d9-004a-00025}},
    note = {Accessed: 7-December-2017}
  }